% Encoding: UTF-8
@techreport{RN01,
  author = {CNNIC},
  institution = {中国互联网络信息中心},
  title = {第五十五次中国互联网络发展报告},
  year = {2025},
  month = {1}
}

@mastersthesis{1023409711.nh,
  author = {钟潇萌},
  title = {基于个性化推荐的视频网站的设计与实现},
  school = {华中科技大学},
  year = {2022}
}    

@article{RN03,
author = {  陈积银 and 曾涛},
title = {国外智能推荐型视频媒体的产业链研究},
journal = {西安交通大学学报(社会科学版)},
volume = {39},
number = {05},
pages = {121-131},
year = {2019},
issn = {1008-245X},
doi = {10.15896/j.xjtuskxb.201905013}
}    

@article{RN04,
author = {兰旭辉,熊家军,邓刚},
title = {基于MySQL的应用程序设计},
journal = {计算机工程与设计},
number = {03},
pages = {442-443+468},
year = {2004},
issn = {1000-7024},
doi = {10.16208/j.issn1000-7024.2004.03.037}
}    

@misc{RN05,
  author = {哈喽沃德先生},
  organization = {\url{https://www.cnblogs.com/mrhelloworld/p/fastdfs.html}},
  title = {FastDFS 分布式文件系统详解},
  year = {2020},
  month = {9}
}

@mastersthesis{RN06,
  author = {韩增曦},
  title = {分布式文件系统FastDFS的研究与应用},
  school = {大连理工大学},
  year = {2014}
}    

@article{RN07,
author = {  李代立 and 陈榕},
title = {WebSocket在Web实时通信领域的研究},
journal = {电脑知识与技术},
volume = {6},
number = {28},
pages = {7923-7925+7935},
year = {2010},
issn = {1009-3044},
}    

@article{RN08,
author = {张仁良},
title = {软件架构中的非功能需求},
journal = {微型电脑应用},
volume = {25},
number = {01},
pages = {61-64+75},
year = {2009},
issn = {1007-757X},
}    



@article{EN01,
  title={Communicating and displaying real-time data with websocket},
  author={Pimentel, Victoria and Nickerson, Bradford G},
  journal={IEEE Internet Computing},
  volume={16},
  number={4},
  pages={45--53},
  year={2012},
  publisher={IEEE}
}

@article{EN02,
  title={Elasticsearch},
  author={Elasticsearch, BV},
  journal={software], version},
  volume={6},
  number={1},
  year={2018}
}

@article{EN03,
  title={Microservices: yesterday, today, and tomorrow},
  author={Dragoni, Nicola and Giallorenzo, Saverio and Lafuente, Alberto Lluch and Mazzara, Manuel and Montesi, Fabrizio and Mustafin, Ruslan and Safina, Larisa},
  journal={Present and ulterior software engineering},
  pages={195--216},
  year={2017},
  publisher={Springer}
}

@book{lamport1994latex,
  title={LATEX: a document preparation system: user's guide and reference manual},
  author={Lamport, Leslie},
  year={1994},
  publisher={Addison-wesley}
}

@article{pritchard1969statistical,
  title={Statistical bibliography or bibliometrics},
  author={Pritchard, Alan and others},
  journal={Journal of documentation},
  volume={25},
  number={4},
  pages={348--349},
  year={1969},
  publisher={New York}
}

@Article{2013浅谈使用,
  author  = {邵殿国 and 尚宝欣},
  journal = {电子制作},
  title   = {浅谈使用 EditPlus 编辑编译 LaTeX 文件},
  year    = {2013},
  volume  = {16},
}

@Comment{jabref-meta: databaseType:bibtex;}
